@article{bull1999current,
  title={Current and potential impact of fetal diagnosis on prevalence and spectrum of serious congenital heart disease at term in the {UK}},
  author={Bull, C. and others},
  journal={The Lancet},
  volume={354},
  number={9186},
  pages={1242--1247},
  year={1999},
  publisher={Elsevier}
}

@article{kurinczuk2010contribution,
  title={The contribution of congenital anomalies to infant mortality},
  author={Kurinczuk, J.J. and Hollowell, J. and Boyd, P.A. and Oakley, L. and Brocklehurst, P. and Gray, R.},
  journal={National Perinatal Epidemiology Unit, University of Oxford},
  year={2010}
}

@article{salomon2008score,
  title={A score-based method for quality control of fetal images at routine second-trimester ultrasound examination},
  author={Salomon, L.J. and Winer, N. and Bernard, J.P. and Ville, Y.},
  journal={Prenatal Diag.},
  volume={28},
  number={9},
  pages={822--827},
  year={2008},
  publisher={Wiley Online Library}
}

@article{salomon2011practice,
  title={Practice guidelines for performance of the routine mid-trimester fetal ultrasound scan},
  author={Salomon et al., L.J.},
  journal={Ultrasound Obst Gyn},
  volume={37},
  number={1},
  pages={116--126},
  year={2011},
  publisher={Wiley Online Library}
}

%% and Hernandez-Andrade, E. and Johnsen, S.L. and Kalache, K.

@article{nhs2015FASPHandbook,
  title={Fetal Anomalie Screen Programme Handbook},
  author={{NHS Screening Programmes}},
  pages={28--35},
  year={2015}
}

@article{chan2009volumetric,
  title={Volumetric {(3D)} imaging reduces inter-and intraobserver variation of fetal biometry measurements},
  author={Chan, L.W. and Fung, T.Y. and Leung, T.Y. and Sahota, D.S. and Lau, T.K.},
  journal={Ultrasound Obst Gyn},
  volume={33},
  number={4},
  pages={447--452},
  year={2009},
  publisher={Wiley Online Library}
}

@article{chen2015standard,
  title={Standard plane localization in fetal ultrasound via domain transferred deep neural networks},
  author={Chen, H. and Ni, D. and Qin, J. and Li, S. and Yang, X. and Wang, T. and Heng, P.A.},
  journal={IEEE J Biomed Health Inform},
  volume={19},
  number={5},
  pages={1627--1636},
  year={2015},
  publisher={IEEE}
}

@incollection{chen2015automatic,
  title={Automatic Fetal Ultrasound Standard Plane Detection Using Knowledge Transferred Recurrent Neural Networks},
  author={Chen, H. and Dou, Q. and Ni, D. and Cheng, J-Z. and Qin, J. and Li, S.and Heng, P-A.},
  booktitle={Proc MICCAI},
  pages={507--514},
  year={2015},
  publisher={Springer}
}

@article{ni2014standard,
  title={Standard plane localization in ultrasound by radial component model and selective search},
  author={Ni, D. and Yang, X. and Chen, X. and Chin, C-T. and Chen, S. and Heng, P-A. and Li, S. and Qin, J. and Wang, T.},
  journal={Ultrasound Med Biol},
  volume={40},
  number={11},
  pages={2728--2742},
  year={2014},
  publisher={Elsevier}
}

@article{gardiner2008utero,
  title={In-utero intervention for severe congenital heart disease},
  author={Gardiner, H.M.},
  journal={Best Pract Res Cl Ob},
  volume={22},
  number={1},
  pages={49--61},
  year={2008},
  publisher={Elsevier}
}

@incollection{maraci2014object,
  title={Object classification in an ultrasound video using {LP-SIFT} features},
  author={Maraci, M.A. and Napolitano, R. and Papageorghiou, A. and Noble, J.A.},
  booktitle={Proc MCV},
  pages={71--81},
  year={2014},
}

%  publisher={Springer}

@incollection{maraci2014searching,
  title={Searching for structures of interest in an ultrasound video sequence},
  author={Maraci, M.A. and Napolitano, R. and Papageorghiou, A. and Noble, J.A.},
  booktitle={Proc MLMI},
  pages={133--140},
  year={2014}
}

%publisher={Springer}

@inproceedings{szegedy2015going,
  title={Going deeper with convolutions},
  author={Szegedy, C. and Liu, W. and Jia, Y. and Sermanet, P. and Reed, S. and Anguelov, D. and Erhan, D. and Vanhoucke, V. and Rabinovich, A.},
  booktitle={Proc IEEE CVPR},
  pages={1--9},
  year={2015}
}

@article{lin2013network,
  title={Network in network},
  author={Lin, M. and Chen, Q. and Yan, S.},
  journal={arXiv:1312.4400},
  year={2013}
}

@inproceedings{oquab2015object,
  title={Is object localization for free?-weakly-supervised learning with convolutional neural networks},
  author={Oquab, M. and Bottou, L. and Laptev, I. and Sivic, J.},
  booktitle={IEEE Proc CVPR},
  pages={685--694},
  year={2015}
}

@article{springenberg2014striving,
  title={Striving for simplicity: The all convolutional net},
  author={Springenberg, J.T. and Dosovitskiy, A. and Brox, T. and Riedmiller, M.},
  journal={arXiv:1412.6806},
  year={2014}
}

@article{kingma2014adam,
  title={Adam: A method for stochastic optimization},
  author={Kingma, D. and Ba, J.},
  journal={arXiv:1412.6980},
  year={2014}
}

@article{otsu1975threshold,
  title={A threshold selection method from gray-level histograms},
  author={Otsu, N.},
  journal={Automatica},
  volume={11},
  number={285-296},
  pages={23--27},
  year={1975}
}

@article{carneiro2008detection,
  title={Detection and measurement of fetal anatomies from ultrasound images using a constrained probabilistic boosting tree},
  author={Carneiro, G. and Georgescu, B. and Good, S. and Comaniciu, D.},
  journal={IEEE T Med Imaging},
  volume={27},
  number={9},
  pages={1342--1355},
  year={2008},
  publisher={IEEE}
}

@article{zhang2012intelligent,
  title={Intelligent scanning: Automated standard plane selection and biometric measurement of early gestational sac in routine ultrasound examination},
  author={Zhang, L. and Chen, S. and Chin, C.T. and Wang, T. and Li, S.},
  journal={Med Phys},
  volume={39},
  number={8},
  pages={5015--5027},
  year={2012},
  publisher={American Association of Physicists in Medicine}
}

@incollection{yaqub2015guided,
  title={Guided Random Forests for Identification of Key Fetal Anatomy and Image Categorization in Ultrasound Scans},
  author={Yaqub, M. and Kelly, B. and Papageorghiou, A.T. and Noble, J.A.},
  booktitle={Proc MICCAI},
  pages={687--694},
  year={2015},
  publisher={Springer}
}